@article{titulo,
        author={\textbf{Research articles in JCR journals}},
        year={},
        title={},
        journal={},
}

@article{jordi,
title = "{Pure Mode I Fracture Toughness Determination in Rocks Using a Pseudo-Compact Tension (pCT) Test Approach}",
journal = "Rock Mechanics and Rock Engineering",
year = "2020",
author = "A. Muñoz-Ibáñez and J. Delgado-Martín and M. Costas and J. rabuñal-Dopico and J. Alvarellos-Iglesias and J. Canal-Vila",
}

@article{KRISTOFFERSEN2020103476,
title = "On the ballistic perforation resistance of additive manufactured {AlSi10Mg} aluminium plates",
journal = "International Journal of Impact Engineering",
volume = "137",
pages = "103476",
year = "2020",
author = "M. Kristoffersen and M. Costas and T. Koenis and V. Brøtan and C.O. Paulsen and T. Børvik",
}


@article{COSTAS2020103966,
title = "Testing and simulation of additively manufactured {AlSi10Mg} components under quasi-static loading",
journal = "European Journal of Mechanics - A/Solids",
volume = "81",
pages = "103966",
year = "2020",
author = "M. Costas and D. Morin and M. [de Lucio] and M. Langseth",
}

@article{COSTAS2019103794,
title = "Corrigendum to “{A through-thickness damage regularisation scheme for shell elements subjected to severe bending and membrane deformations” [Journal of the Mechanics and Physics of Solids 123 (2019) 190–206]}",
journal = "Journal of the Mechanics and Physics of Solids",
pages = "103794",
year = "2019",
issn = "0022-5096",
author = "M. Costas and D. Morin and O.S. Hopperstad and T. Børvik and M. Langseth"
}



@article{COSTAS2019,
>>>>>>> 93ebe7df81c35b97834d82f6ca01253e951bb0ad
title = "A through-thickness damage regularisation scheme for shell elements subjected to severe bending and membrane deformations",
journal = "Journal of the Mechanics and Physics of Solids",
volume = "123",
pages = "190 - 206",
year = "2019",
author = "M. Costas and D. Morin and O.S. Hopperstad and T. Børvik and M. Langseth",
}
@article{COSTAS2017205,
title = "{Static crushing of aluminium tubes filled with PET foam and a GFRP skeleton. Numerical modelling and multiobjective optimization}",
journal = "International Journal of Mechanical Sciences",
volume = "131-132",
pages = "205 - 217",
year = "2017",
author = "M. Costas and D. Morin and M. Langseth and J. Díaz and L. Romera",
}



@ARTICLE{costas2016axial,
  author = {Costas, M. and Morin, D. and Langseth, M. and Romera, L. and D{\'\i}az,
  J.},
  title = {Axial crushing of aluminum extrusions filled with {PET} foam and {GFRP}.
  {A}n experimental investigation},
  journal = {Thin-Walled Structures},
  year = {2016},
  volume = {99},
  pages = {45--57},
}

@article{paz2015size,
  title={Size and shape optimization of aluminum tubes with {GFRP} honeycomb reinforcements for crashworthy aircraft structures},
  author={Paz, J and D{\'\i}az, J and Romera, L and Costas, M},
  journal={Composite Structures},
  volume={133},
  pages={499--507},
  year={2015},
}

@article{CidMontoya2015,
  Author = {Cid Montoya, M. and Costas, M. and D{\'i}az, J. and Romera, L. E. and Hern{\'a}ndez, S.},
  Journal = {Structural and Multidisciplinary Optimization},
  Volume = {52},
  Number = {4},
  Pages = {827-843},
  Title = {A multi-objective reliability-based optimization of the crashworthiness of a metallic-{GFRP} impact absorber using hybrid approximations},
  Year = {2015}}


@article{Paz201430,
title = "Crushing analysis and multi-objective crashworthiness optimization of {GFRP} honeycomb-filled energy absorption devices ",
journal = "Finite Elements in Analysis and Design ",
volume = "91",
pages = "30 - 39",
year = "2014",
author = "J. Paz and J. D\'iaz and L. Romera and M. Costas"
}


@ARTICLE{Costas201446,
author={Costas, M. and D\'iaz, J. and Romera, L. and Hern\'andez, S.},
title={A multi-objective surrogate-based optimization of the crashworthiness of a hybrid impact absorber},
journal={International Journal of Mechanical Sciences},
year={2014},
volume={88},
pages={46-54},
document_type={Article},
source={Scopus},
}


@article{Costas_IJIE,
        author={Costas,M. and D\'iaz,J. and Romera,L. E. and Hern\'andez,S. and Tielas,A.},
        year={2013},
        title={Static and dynamic axial crushing analysis of car frontal impact hybrid absorbers},
        journal={International Journal of Impact Engineering},
        volume={62},
        pages={166-181},
}

@article{libros,
        author={\textbf{Book chapters}},
        year={},
        title={},
        journal={},
}

@Inproceedings{Díaz2019,
author="D{\'i}az, Jacobo
and Costas, Miguel",
editor="Altenbach, Holm
and {\"O}chsner, Andreas",
title="Crashworthiness",
bookTitle="Encyclopedia of Continuum Mechanics",
year="2019",
publisher="Springer Berlin Heidelberg",
address="Berlin, Heidelberg",
isbn="978-3-662-53605-6",
}

@article{titulo2,
        author={\textbf{International conferences}},
        year={},
        title={},
        journal={},

}
@conference{esiam1,
  Author = {Costas, M. and Morin, D. and Langseth, M.},
  Booktitle = {European Conference on the Structural Integrity of Additively Manufactured Materials, Trondheim (Norway)},
  Document_Type = {Conference Paper},
  Title = {An experimental and numerical study on the lateral crushing of additively manufactured {AlSi10Mg} boxes},
  Year = {2019},
  }
@conference{esiam2,
  Author = {Kristoffersen, M. and Costas, M. and Oen Paulsen, C. and Koenis, T. and Brøtan, V. and Børvik, T.},
  Booktitle = {European Conference on the Structural Integrity of Additively Manufactured Materials, Trondheim (Norway)},
  Document_Type = {Conference Paper},
  Title = {Experimental and numerical investigations of additively manufactured {AlSi10Mg} plates subjected to ballistic perforation},
  Year = {2019},
  }
@conference{madrid,
  Author = {Costas, M. and Morin, D. and Langseth, M.},
  Booktitle = {ASIDIC2019, Aerospace Structural Impact Dynamics International Conference, Madrid (Spain)},
  Document_Type = {Conference Paper},
  Title = {Modelling and Simulation of Impact in Stiffened Aluminium Panels Using Damage Regularisation},
  Year = {2019},
  }
@conference{koblenz,
  Author = {Costas, M. and Morin, D. and Langseth, M.},
  Booktitle = {12th European LS-DYNA Conference, Koblenz (Germany)},
  Document_Type = {Conference Paper},
  Title = {Modelling of Steel-Aluminium Components using Structural Adhesive and Self-Piercing Rivets},
  Year = {2019},
  }
@conference{koblenz2,
  Author = {Morin, D. and Reil, M. and Berstad, T. and Costas, M. and Langseth, M.},
  Booktitle = {12th European LS-DYNA Conference, Koblenz (Germany)},
  Document_Type = {Conference Paper},
  Title = {Multi-Scale Numerical Simulations of Structural Joints with Flow-Drill Screws using a Virtual Material Calibration},
  Year = {2019},
  }
@conference{koblenz3,
  Author = {Morin, D. and Berstad, T. and Costas, M. and Hopperstad, O.S. and Langseth, M.},
  Booktitle = {12th European LS-DYNA Conference, Koblenz (Germany)},
  Document_Type = {Conference Paper},
  Title = {*{MAT}\textunderscore 258: A Through-Thickness Regularization Scheme for Shell Element Analyses – Application to Aluminium Components},
  Year = {2019},
  }
@conference{dyna1,
  Author = {Holmen, J.K. and Johnsen, J. and Costas, M. and Morin, D. and Berstad, T. and Børvik, T. and Hopperstad, O.S. and Langseth, M.},
  Booktitle = {Dynamore Nordic Users’ Conference 2018, Gothenburg (Sweden)},
  Document_Type = {Conference Paper},
  Title = {Applications of *{MAT}\textunderscore 258: A through-thickness regularization model for shells},
  Year = {2018},
  }
@conference{dyna2,
  Author = {Morin, D. and Holmen, J.K. and Johnsen, J. and Costas, M. and Berstad, T. and Børvik, T. and Hopperstad, O.S. and Langseth, M.},
  Booktitle = {Dynamore Nordic Users’ Conference 2018, Gothenburg (Sweden)},
  Document_Type = {Conference Paper},
  Title = {Theoretical aspects of *{MAT}\textunderscore 258: A through-thickness regularization model for shells},
  Year = {2018},
  }
@conference{Costas_portugal,
  Author = {D\'iaz,J. and Romera,L. E. and Costas, M. and Paz, J.},
  Booktitle = {ICCS19 - 19th International Conference on Composite Structures, Porto (Portugal)},
  Document_Type = {Conference Paper},
  Title = {Reliability-based crashworthiness optimization of hybrid metal-composite energy absorption devices},
  Year = {2016},
  }

@conference{Costas_trash,
  Author = {Romera, L. and Pire, L. and Costas, M. and Paz, J. and D\'iaz, J. and Hern\'andez, S.},
  Booktitle = {HPSM/OPTI 2016, International Conference on High Performance and Optimum Design of Structures and Materials. Siena (Italy)},
  Document_Type = {Conference Paper},
  Owner = {mcostas},
  Source = {Scopus},
  Timestamp = {2012.07.23},
  Title = {{Improvement of crash forces in structures using optimization tools}},
  Year = {2016},
  }

@conference{Costas_ICILSM,
  Author = {Costas,M. and D\'iaz,J. and Romera,L. E. and Morin, D. and Langseth,M.},
  Booktitle = {1st International Conference on Impact Loading of Structures and Materials (ICILSM), Turin (Italy)},
  Document_Type = {Conference Paper},
  Title = {Experimental characterization and numerical multi-objective optimization of the crashworthiness of aluminum extrusions filled with {PET} foam and {GFRP}},
  Year = {2016},
  }

@conference{Costas_portugal2,
  Author = {D\'iaz, J. and Romera, L. E. and Paz, J. and Costas, M.},
  Booktitle = {ICCS18 - 18th International Conference on Composite Structures, Lisbon (Portugal)},
  Document_Type = {Conference Paper},
  Title = {Crashworthiness optimization of metal-composite energy absorption devices},
  Year = {2015},
  }

@conference{Costas_FISITA1,
  Author = {Romera, L. and Costas, M. and D\'iaz, J. and Paz, J. and Hern\'andez, S.},
  Booktitle = {35th FISITA World Automotive Congress, Maastrich (Netherlands)},
  Document_Type = {Conference Paper},
  Owner = {mcostas},
  Source = {Scopus},
  Timestamp = {2012.07.23},
  Title = {Reduction of the frontal crash peak forces in a car using size optimization tools},
  Year = {2014},
  }

@conference{Costas_FISITA2,
  Author = {D\'iaz, J. and Costas, M. and Romera, L. and Paz, J. and Hern\'andez, S.},
  Booktitle = {35th FISITA World Automotive Congress, Maastrich (Netherlands)},
  Document_Type = {Conference Paper},
  Owner = {mcostas},
  Source = {Scopus},
  Timestamp = {2012.07.23},
  Title = {Surrogate-based multi-objective optimization of glass-fiber - steel crash absorbers},
  Year = {2014},
  }

@conference{Costas_IABSE,
  Author = {Romera, L. and Hern\'andez, S. and Costas, M. and Balomir, A. and Ouro, P.},
  Booktitle = {7th IABSE Symphosium, Madrid (Spain)},
  Document_Type = {Conference Paper},
  Owner = {mcostas},
  Source = {Scopus},
  Timestamp = {2012.07.23},
  Title = {Assessment of seismic behaviour of portal bridges with double friction pendulum bearings},
  Year = {2014},
  }

@conference{Costas_WIT2,
  Author = {Romera, L. and Paz, J. and Costas, M. and D\'iaz, J. and Hern\'andez, S.},
  Booktitle = {HPSM/OPTI 2014, The 2014 International Conference on High Performance and Optimum Design of Structures and Materials},
  Document_Type = {Conference Paper},
  Owner = {mcostas},
  Source = {Scopus},
  Timestamp = {2012.07.23},
  Title = {{Crashworthiness response of honeycomb metallic-GFRP energy abpsortion devices}},
  Year = {2014},
  }


@conference{Costas_WIT,
  Author = {Costas, M. and Romera, L. and D\'iaz, J. and Hern\'andez, S. and Tielas, A.},
  Booktitle = {Computational Methods and Experimental Measurements XVI, WIT Press, C.A. Brebbia, G. M. Carlomagno and S. Hernandez (eds.)},
  pages={367-378},
  Document_Type = {Conference Paper},
  Owner = {mcostas},
  Source = {Scopus},
  Timestamp = {2012.07.23},
  Title = {Computational and experimental analysis of a hybrid car impact absorber},
  Year = {2013},
  }

@conference{Costas_SAE,
  Author = {Costas, M. and D\'iaz, J. and Romera, L. and Hern\'andez, S. and Ledo, R.},
  Booktitle = {SAE 2013 World Congress and Exhibition, paper 13B-0036/2013-01-0755},
  Document_Type = {Conference Paper},
  Owner = {mcostas},
  Source = {Scopus},
  Timestamp = {2012.07.23},
  Title = {Influence of Welded Joints on the Crashworthiness Response of Hybrid Structural Elements},
  Year = {2013}
  }
