@article{titulo,
        author={\textbf{Publicaciones en revistas de investigaci\'on del primer cuartil JCR}},
        year={},
        title={},
        journal={},

}


@article{jpaz,
title = "Crushing analysis and multi-objective crashworthiness optimization of \{GFRP\} honeycomb-filled energy absorption devices ",
journal = "Finite Elements in Analysis and Design ",
volume = "91",
pages = "30 - 39",
year = "2014",
author = "J. Paz and J. Díaz and L. Romera and M. Costas",
}

@article{charbo,
year={2015},
journal={Structural and Multidisciplinary Optimization},
title={A multi-objective reliability-based optimization of the crashworthiness of a metallic-GFRP impact absorber using hybrid approximations},
author={Cid Montoya, M. and Costas, M. and Díaz, J. and Romera, L.E. and Hernández, S.},
pages={1-17},
}


@article{Costas_SMO,
        author={Costas,M. and D\'iaz,J. and Romera,L. E. and Hern\'andez,S.},
        year={2014},
        title={A multi-objective surrogate-based optimization of the crashworthiness of a hybrid impact absorber},
        journal={International Journal of Mechanical Sciences},
        volume={[Aceptado para publicaci\'on]},
        pages={},
}

@article{Costas_IJIE,
        author={Costas,M. and D\'iaz,J. and Romera,L. E. and Hern\'andez,S. and Tielas,A.},
        year={2013},
        title={Static and dynamic axial crushing analysis of car frontal impact hybrid absorbers},
        journal={International Journal of Impact Engineering},
        volume={62},
        pages={166-181},
}


@article{espacio,
        author={ },
        year={},
        title={},
        journal={},

}


@article{titulo2,
        author={\textbf{Comunicaciones a congresos internacionales}},
        year={},
        title={},
        journal={},

}

@conference{Costas_FISITA1,
  Author = {Romera, L. and Costas, M. and D\'iaz, J. and Paz, J. and Hern\'andez, S.},
  Booktitle = {35th FISITA World Automotive Congress, Maastrich (Netherlands)},
  Document_Type = {Conference Paper},
  Owner = {mcostas},
  Source = {Scopus},
  Timestamp = {2012.07.23},
  Title = {Reduction of the frontal crash peak forces in a car using size optimization tools},
  Year = {2014},
  }

@conference{Costas_FISITA2,
  Author = {D\'iaz, J. and Costas, M. and Romera, L. and Paz, J. and Hern\'andez, S.},
  Booktitle = {35th FISITA World Automotive Congress, Maastrich (Netherlands)},
  Document_Type = {Conference Paper},
  Owner = {mcostas},
  Source = {Scopus},
  Timestamp = {2012.07.23},
  Title = {Surrogate-based multi-objective optimization of glass-fiber - steel crash absorbers},
  Year = {2014},
  }

@conference{Costas_IABSE,
  Author = {Romera, L. and Hern\'andez, S. and Costas, M. and Balomir, A. and Ouro, P.},
  Booktitle = {7th IABSE Symphosium, Madrid (Spain)},
  Document_Type = {Conference Paper},
  Owner = {mcostas},
  Source = {Scopus},
  Timestamp = {2012.07.23},
  Title = {Assessment of seismic behaviour of portal bridges with double friction pendulum bearings},
  Year = {2014},
  }

@conference{Costas_WIT2,
  Author = {Romera, L. and Paz, J. and Costas, M. and D\'iaz, J. and Hern\'andez, S.},
  Booktitle = {HPSM/OPTI 2014, The 2014 International Conference on High Performance and Optimum Design of Structures and Materials},
  Document_Type = {Conference Paper},
  Owner = {mcostas},
  Source = {Scopus},
  Timestamp = {2012.07.23},
  Title = {{Crashworthiness response of honeycomb metallic-GFRP energy abpsortion devices}},
  Year = {2014},
  }


@conference{Costas_WIT,
  Author = {Costas, M. and Romera, L. and D\'iaz, J. and Hern\'andez, S. and Tielas, A.},
  Booktitle = {Computational Methods and Experimental Measurements XVI, WIT Press, C.A. Brebbia, G. M. Carlomagno and S. Hernandez (eds.)},
  pages={367-378},
  Document_Type = {Conference Paper},
  Owner = {mcostas},
  Source = {Scopus},
  Timestamp = {2012.07.23},
  Title = {Computational and experimental analysis of a hybrid car impact absorber},
  Year = {2013},
  }

@conference{Costas_SAE,
  Author = {Costas, M. and D\'iaz, J. and Romera, L. and Hern\'andez, S. and Ledo, R.},
  Booktitle = {SAE 2013 World Congress and Exhibition, paper 13B-0036/2013-01-0755},
  Document_Type = {Conference Paper},
  Owner = {mcostas},
  Source = {Scopus},
  Timestamp = {2012.07.23},
  Title = {Influence of Welded Joints on the Crashworthiness Response of Hybrid Structural Elements},
  Year = {2013}
  }



@article{espacio2,
        author={},
        year={},
        title={},
        journal={},

}


@article{titulo3,
        author={\textbf{Master Thesis in Structural Engineering (convalidado por Proyecto Final de Carrera)}},
        year={},
        title={},
        journal={},

}

@MastersThesis{PFC,
    author     =     {Costas, M. and G\'omez, D. and Vilanova, G. and {coordinators Dr. Carsten Munk Plum and M.Sc. Lys Rhilinger}},
    title     =     {\emph{Load Bearing Capacity of Circular Hollow Sections Subjected to Combined Bending and Axial Compression}},
    school     =     {Tekniske Fakultet, Syddansk Universitet - Denmark},
    year     =     {2010},
    }


